@Article{Saikai2023,
  author    = {Saikai, Y. and Peake, A. and Chenu, K.},
  journal   = {PLOS Water},
  title     = {Deep reinforcement learning for irrigation scheduling using high-dimensional sensor feedback},
  year      = {2023},
  issn      = {2767-3219},
  month     = sep,
  number    = {9},
  pages     = {e0000169},
  volume    = {2},
  doi       = {10.1371/journal.pwat.0000169},
  editor    = {Shafiee-Jood, Majid},
  file      = {:pdf/Saikai2023.pdf:PDF},
  keywords  = {APSIM, FI, wheat, DRL, Policy-Learning, Policy-gradient, closed-loop, R+, r_t},
  printed   = {x},
  publisher = {Public Library of Science (PLoS)},
}

@Article{Chen2021,
  author    = {Chen, M. and Cui, Y. and Wang, X. and Xie, H.g and Liu, F. and Luo, T. and Zheng, S. and Luo, Y.},
  journal   = {Agricultural Water Management},
  title     = {A reinforcement learning approach to irrigation decision-making for rice using weather forecasts},
  year      = {2021},
  issn      = {0378-3774},
  month     = may,
  pages     = {106838},
  volume    = {250},
  doi       = {10.1016/j.agwat.2021.106838},
  file      = {:pdf/Chen2021.pdf:PDF},
  keywords  = {rice, other-model, Q-Learning, DRL, FI, closed-loop, R+, r_t},
  printed   = {x},
  publisher = {Elsevier BV},
}

@Article{Alibabaei2022,
  author    = {Alibabaei, K. and Gaspar, P. D. and Assuncao, E. and Alirezazadeh, S. and Lima, T. M.},
  journal   = {Agricultural Water Management},
  title     = {{Irrigation optimization with a deep reinforcement learning model: Case study on a site in Portugal}},
  year      = {2022},
  issn      = {0378-3774},
  month     = apr,
  pages     = {107480},
  volume    = {263},
  doi       = {10.1016/j.agwat.2022.107480},
  file      = {:pdf/Alibabaei2022.pdf:PDF},
  keywords  = {DRL, DSSAT, Q-Learning, FI, tomato, open-loop, R+},
  printed   = {x},
  publisher = {Elsevier BV},
}

@Article{Yang2020,
  author    = {Yang, Y. and Hu, J. and Porter, D. and Marek, T.and Heflin, K. and Kong, H.},
  journal   = {Transactions of the ASABE},
  title     = {{Deep Reinforcement Learning-Based Irrigation Scheduling}},
  year      = {2020},
  issn      = {2151-0040},
  number    = {3},
  pages     = {549--556},
  volume    = {63},
  doi       = {10.13031/trans.13633},
  file      = {:pdf/Yang2020.pdf:PDF},
  keywords  = {Aquacrop, Q-Learning, open-loop, maize, wheat, soybean, FI, DRL, R+},
  printed   = {x},
  publisher = {American Society of Agricultural and Biological Engineers (ASABE)},
}

@Article{Alibabaei2022a,
  author         = {Alibabaei, K. and Gaspar, P. D. and Assuncao, E. and Alirezazadeh, S. and Lima, T. M. and Soares, Vasco N. G. J. and Caldeira, J. M. L. P.},
  journal        = {Computers},
  title          = {{Comparison of On-Policy Deep Reinforcement Learning A2C with Off-Policy DQN in Irrigation Optimization: A Case Study at a Site in Portugal}},
  year           = {2022},
  issn           = {2073-431X},
  month          = jul,
  number         = {7},
  pages          = {104},
  volume         = {11},
  article-number = {104},
  doi            = {10.3390/computers11070104},
  file           = {:pdf/Alibabaei2022a.pdf:PDF},
  keywords       = {DRL, DSSAT, Actor-Critic, FI, tomato, Policy-Learning, open-loop, R+},
  printed        = {x},
  publisher      = {MDPI AG},
  unique-id      = {WOS:000831448100001},
}

@Article{Vazifedoust2008,
  author    = {Vazifedoust, M. and van Dam, J. C. and Feddes, R. A. and Feizi, M.},
  journal   = {Agricultural Water Management},
  title     = {Increasing water productivity of irrigated crops under limited water supply at field scale},
  year      = {2008},
  issn      = {0378-3774},
  month     = feb,
  number    = {2},
  pages     = {89--102},
  volume    = {95},
  doi       = {10.1016/j.agwat.2007.09.007},
  file      = {:pdf/Vazifedoust2008.pdf:PDF},
  keywords  = {DI},
  printed   = {x},
  publisher = {Elsevier BV},
}

@Article{Fereres2006,
  author    = {Fereres, E. and Soriano, M. A.},
  journal   = {Journal of Experimental Botany},
  title     = {Deficit irrigation for reducing agricultural water use},
  year      = {2006},
  issn      = {1460-2431},
  month     = nov,
  number    = {2},
  pages     = {147--159},
  volume    = {58},
  doi       = {10.1093/jxb/erl165},
  file      = {:pdf/Fereres2006.pdf:PDF},
  keywords  = {DI},
  printed   = {x},
  publisher = {Oxford University Press (OUP)},
}

@Article{Schuetze2011,
  author    = {Sch\"utze, N. and de Paly, M. and Shamir, U.},
  journal   = {Journal of Hydroinformatics},
  title     = {Novel simulation-based algorithms for optimal open-loop and closed-loop scheduling of deficit irrigation systems},
  year      = {2011},
  issn      = {1465-1734},
  month     = apr,
  number    = {1},
  pages     = {136--151},
  volume    = {14},
  doi       = {10.2166/hydro.2011.073},
  file      = {:pdf/Schuetze2011.pdf:PDF},
  keywords  = {closed-loop, open-loop, NDP, TD, maize, other-model, DI},
  printed   = {x},
  publisher = {IWA Publishing},
}

@Book{Bellman1962,
  author    = {Bellman, R. and Dreyfus, S. E.},
  publisher = {Princeton University Press},
  title     = {{Applied Dynamic Programming}},
  year      = {1962},
  address   = {Princeton, NJ},
  isbn      = {9780691651873},
  series    = {Princeton Legacy Library},
  keywords  = {dynamic programming},
  pagetotal = {1},
  ppn_gvk   = {1659126037},
  printed   = {x},
}

@Book{Bertsekas1996,
  author    = {Bertsekas, D. P. and Tsitsiklis, J. N.},
  publisher = {Athena Scientific},
  title     = {Neuro-dynamic programming},
  year      = {1996},
  address   = {Belmont, Massachusetts},
  isbn      = {1886529108},
  keywords  = {RL},
  pagetotal = {491},
  ppn_gvk   = {1750045702},
}

@Book{Sutton1998,
  author    = {Sutton, R. S. and Barto, A.},
  publisher = {The MIT Press},
  title     = {Reinforcement learning},
  year      = {1998},
  address   = {Cambridge, Massachusetts},
  isbn      = {0262193981},
  series    = {A Bradford book},
  keywords  = {RL},
  pagetotal = {322},
  ppn_gvk   = {1627846662},
  printed   = {x},
  subtitle  = {An introduction},
}

@Article{Kelly2021,
  author    = {Kelly, T. D. and Foster, T.},
  journal   = {Agricultural Water Management},
  title     = {{AquaCrop-OSPy: Bridging the gap between research and practice in crop-water modeling}},
  year      = {2021},
  issn      = {0378-3774},
  month     = aug,
  pages     = {106976},
  volume    = {254},
  doi       = {10.1016/j.agwat.2021.106976},
  file      = {:pdf/Kelly2021.pdf:PDF},
  keywords  = {Aquacrop},
  printed   = {x},
  publisher = {Elsevier BV},
}

@InProceedings{Zimmer2014,
  author    = {Zimmer, M. and Viappiani, P. and Weng, P.},
  booktitle = {{AAMAS Workshop Autonomous Robots and Multirobot Systems}},
  title     = {{Teacher-Student Framework: a Reinforcement Learning Approach}},
  year      = {2014},
  address   = {Paris, France},
  file      = {:pdf/Zimmer2014.pdf:PDF},
  keywords  = {RL},
}

@Article{Kelly2024,
  author    = {Kelly, T. D. and Foster, T. and Schultz, D. M.},
  journal   = {Smart Agricultural Technology},
  title     = {Assessing the value of deep reinforcement learning for irrigation scheduling},
  year      = {2024},
  issn      = {2772-3755},
  month     = mar,
  pages     = {100403},
  volume    = {7},
  doi       = {10.1016/j.atech.2024.100403},
  file      = {:pdf/Kelly2024.pdf:PDF},
  keywords  = {Aquacrop, DRL, Policy-gradient, Policy-Learning, maize, open-loop, DI, R+},
  printed   = {x},
  publisher = {Elsevier BV},
}

@Article{Abid2025,
  author    = {Abid, M. N. and Beggas, M. and Laouid, A. and Hammoudeh, M.},
  journal   = {Expert Systems with Applications},
  title     = {Navigating water scarcity in arid landscapes: a reinforcement learning environment for wheat irrigation management},
  year      = {2025},
  issn      = {0957-4174},
  month     = sep,
  pages     = {128065},
  volume    = {289},
  doi       = {10.1016/j.eswa.2025.128065},
  file      = {:pdf/Abid2025.pdf:PDF},
  keywords  = {wheat, other-model, FI, Policy-gradient, Policy-Learning, open-loop, DRL, R+},
  printed   = {x},
  publisher = {Elsevier BV},
}

@Article{Ramli2024,
  author    = {Ramli, M. S. A. and Zainal Abidin, M. S. and Hasan, N. S. and Md Reba, M. N. and Kolawole, K. K. and Ardiansyah, R. A. and Mpuhus, S. L.},
  journal   = {Journal of Information and Communication Technology},
  title     = {{Reinforcement Learning Algorithm for Optimising Durian Irrigation Systems: Maximising Growth and Water Efficiency}},
  year      = {2024},
  issn      = {1675-414X},
  month     = oct,
  number    = {4},
  pages     = {667--707},
  volume    = {23},
  doi       = {10.32890/jict2024.23.4.4},
  file      = {:pdf/Ramli2024.pdf:PDF},
  keywords  = {Aquacrop, RL, Q-Learning, FI, durian, closed-loop, R+, r_t},
  printed   = {x},
  publisher = {UUM Press, Universiti Utara Malaysia},
}

@InProceedings{Song2022,
  author    = {Song, J. and Porter, D. and Hu, J. and Marek, T.},
  booktitle = {2022 23rd International Symposium on Quality Electronic Design (ISQED)},
  title     = {{Double Deep Q-Learning Based Irrigation and Chemigation Control}},
  year      = {2022},
  month     = apr,
  pages     = {1--6},
  publisher = {IEEE},
  doi       = {10.1109/ISQED54688.2022.9806271},
  file      = {:pdf/Song2022.pdf:PDF},
  keywords  = {Q-Learning, DSSAT, maize, sorghum, soybean, cotton, closed-loop, FI, DRL, R+, r_t},
  printed   = {x},
}

@Article{Devarajan2023,
  author    = {Devarajan, G. G.l and Nagarajan, S. M. and Ramana, T. V. and Vignesh, T. and Ghosh, U. and Alnumay, W.},
  journal   = {Sustainable Computing: Informatics and Systems},
  title     = {{DDNSAS: Deep reinforcement learning based deep Q-learning network for smart agriculture system}},
  year      = {2023},
  issn      = {2210-5379},
  month     = sep,
  pages     = {100890},
  volume    = {39},
  doi       = {10.1016/j.suscom.2023.100890},
  file      = {:pdf/Devarajan2023.pdf:PDF},
  keywords  = {Q-Learning,DRL,closed-loop},
  printed   = {x},
  publisher = {Elsevier BV},
}

@InProceedings{Agyeman2024,
  author    = {Agyeman, B. T. and Liu, J. and Shah, S. L.},
  title     = {{Semi-centralized Multi-agent RL for Irrigation Scheduling}},
  year      = {2024},
  number    = {14},
  pages     = {145--150},
  publisher = {Elsevier BV},
  volume    = {58},
  doi       = {10.1016/j.ifacol.2024.08.328},
  file      = {:pdf/Agyeman2024.pdf:PDF},
  issn      = {2405-8963},
  journal   = {IFAC-PapersOnLine},
  keywords  = {DRL, Policy-gradient, Policy-Learning, FI, wheat, other-model, closed-loop, R+, r_t},
}

@Article{Agyeman2025,
  author    = {Agyeman, B. T. and Decardi-Nelson, B. and Liu, J.g and Shah, S. L.},
  journal   = {Control Engineering Practice},
  title     = {{A semi-centralized multi-agent RL framework for efficient irrigation scheduling}},
  year      = {2025},
  issn      = {0967-0661},
  month     = feb,
  pages     = {106183},
  volume    = {155},
  doi       = {10.1016/j.conengprac.2024.106183},
  file      = {:pdf/Agyeman2025.pdf:PDF},
  keywords  = {DRL, Policy-gradient, Policy-Learning, FI, wheat, other-model, closed-loop, R+, r_t},
  printed   = {x},
  publisher = {Elsevier BV},
}

@InProceedings{Ding2022,
  author    = {Ding, X. and Du, W.},
  booktitle = {2022 21st ACM/IEEE International Conference on Information Processing in Sensor Networks (IPSN)},
  title     = {{Smart Irrigation Control Using Deep Reinforcement Learning}},
  year      = {2022},
  month     = may,
  pages     = {539--540},
  publisher = {IEEE},
  doi       = {10.1109/IPSN54338.2022.00070},
  file      = {:pdf/Ding2022.pdf:PDF},
  keywords  = {DRL, Policy-Learning, Policy-gradient, FI, other-model, almond, closed-loop, r_t},
  printed   = {x},
}

@InBook{Bwambale2023,
  author    = {Bwambale, E. and K. Abagale, F. and K. Anornu, G.},
  chapter   = {{Smart Irrigation for Climate Change Adaptation and Improved Food Security}},
  publisher = {IntechOpen},
  title     = {{Irrigation and Drainage - Recent Advances}},
  year      = {2023},
  isbn      = {9781803562100},
  month     = jan,
  booktitle = {Irrigation and Drainage - Recent Advances},
  doi       = {10.5772/intechopen.106628},
  file      = {:pdf/Bwambale2023.pdf:PDF},
  keywords  = {review},
  printed   = {x},
}

@Article{QueirozPereira2025,
  author    = {de Queiroz Pereira, G. and Renaux, D. B. P. and Lazzaretti, A. E.},
  journal   = {IEEE Access},
  title     = {{Comparative Analysis of Reinforcement Learning and Rule-Based System Approaches for Irrigation in Horticulture}},
  year      = {2025},
  issn      = {2169-3536},
  pages     = {90418--90432},
  volume    = {13},
  abstract  = {Irrigation optimization in horticulture is highly relevant due to the high sensitivity of crops to water availability. Methods such as Reinforcement Learning (RL) and Rule-Based Systems (RBS) have been explored for automated irrigation; however, direct comparisons between these approaches for horticultural crops remain limited. This study compares RL and RBS for optimizing irrigation in lettuce cultivation using the AquaCrop-OSPy model. A Q-Learning RL agent dynamically adjusts irrigation decisions based on a customized reward function, while the RBS applies predefined water balance rules. Simulations were conducted over 30 days in each of the four seasons. Results indicate that RL achieved an average dry yield of 5.84 tonne/ha with 186.25 mm of water, while RBS produced 2.35 tonne/ha with 92.01 mm. RL consistently delivered higher productivity but at the cost of increased water use, whereas RBS demonstrated greater water efficiency under conservative irrigation strategies. The findings highlight RL’s adaptability to varying conditions and RBS’s reliability for water-limited scenarios. Future research can explore hybrid systems that integrate RL’s flexibility with RBS’s efficiency. The code and datasets are available at https://github.com/GabyQueiroz/RBS_RL_Irrigation},
  date      = {2025},
  doi       = {10.1109/ACCESS.2025.3572288},
  file      = {:pdf/QueirozPereira2025.pdf:PDF},
  keywords  = {Optimization, Aquacrop, irrigation, RL, Q-Learning, FI, lettuce, closed-loop, R+, r_t},
  printed   = {x},
  publisher = {IEEE},
}

@Article{Lozoya2014,
  author    = {Lozoya, C. and Mendoza, C. and Mejia, L. and Quintana, J. and Mendoza, G. and Bustillos, M. and Arras, O. and Solis, L.},
  journal   = {IFAC Proceedings Volumes},
  title     = {{Model Predictive Control for Closed-Loop Irrigation}},
  year      = {2014},
  issn      = {1474-6670},
  number    = {3},
  pages     = {4429--4434},
  volume    = {47},
  doi       = {10.3182/20140824-6-ZA-1003.02067},
  file      = {:pdf/Lozoya2014.pdf:PDF},
  keywords  = {MPC},
  publisher = {Elsevier BV},
}

@Article{Ajith2025,
  author    = {Ajith, S. and Vijayakumar, S. and Elakkiya, N.},
  journal   = {Discover Food},
  title     = {Yield prediction, pest and disease diagnosis, soil fertility mapping, precision irrigation scheduling, and food quality assessment using machine learning and deep learning algorithms},
  year      = {2025},
  issn      = {2731-4286},
  month     = mar,
  number    = {1},
  volume    = {5},
  doi       = {10.1007/s44187-025-00338-1},
  file      = {:pdf/Ajith2025.pdf:PDF},
  keywords  = {review},
  printed   = {x},
  publisher = {Springer Science and Business Media LLC},
}

@Article{Heidari2025,
  author    = {Heidari, P. and Esfidi, A. A. and Mehrvarz, A. and Khodaei, E. and Khonsari, A.},
  title     = {{Irrigation Optimization in Agricultural Fields Using Deep Reinforcement Learning Approaches}},
  year      = {2025},
  month     = feb,
  pages     = {1--6},
  booktitle = {2025 29th International Computer Conference, Computer Society of Iran (CSICC)},
  doi       = {10.1109/csicc65765.2025.10967419},
  file      = {:pdf/Heidari2025.pdf:PDF},
  keywords  = {DSSAT, DRL, Q-Learning, Actor-Critic, FI, wheat, open-loop, R+},
  printed   = {x},
  publisher = {IEEE},
}

@Article{Ding2024,
  author    = {Ding, X. and Du, W.},
  journal   = {ACM Transactions on Sensor Networks},
  title     = {{Optimizing Irrigation Efficiency using Deep Reinforcement Learning in the Field}},
  year      = {2024},
  issn      = {1550-4867},
  month     = jul,
  number    = {4},
  pages     = {1--34},
  volume    = {20},
  doi       = {10.1145/3662182},
  file      = {:pdf/Ding2024.pdf:PDF},
  keywords  = {DRL, Policy-Learning, Policy-gradient, FI, other-model, almond, closed-loop, r_t},
  publisher = {Association for Computing Machinery (ACM)},
}

@Article{Agyeman2024a,
  author    = {Agyeman, B. T. and Naouri, M. and Appels, W. M. and Liu, J. and Shah, S. L.},
  journal   = {Control Engineering Practice},
  title     = {{Learning-based multi-agent MPC for irrigation scheduling}},
  year      = {2024},
  issn      = {0967-0661},
  month     = jun,
  pages     = {105908},
  volume    = {147},
  doi       = {10.1016/j.conengprac.2024.105908},
  file      = {:pdf/Agyeman2024a.pdf:PDF},
  keywords  = {DRL, Policy-gradient, Policy-Learning, FI, wheat, other-model, closed-loop, R+, r_t},
  publisher = {Elsevier BV},
}

@Article{Umutoni2024,
  author    = {Umutoni, L. and Samadi, V.},
  journal   = {Agricultural Water Management},
  title     = {Application of machine learning approaches in supporting irrigation decision making: A review},
  year      = {2024},
  issn      = {0378-3774},
  month     = apr,
  pages     = {108710},
  volume    = {294},
  doi       = {10.1016/j.agwat.2024.108710},
  file      = {:pdf/Umutoni2024.pdf:PDF},
  keywords  = {review},
  printed   = {x},
  publisher = {Elsevier BV},
}

@Article{Wang2021,
  author    = {Wang, L. and Pan, Z. and Wang, J.},
  journal   = {Complex System Modeling and Simulation},
  title     = {{A Review of Reinforcement Learning Based Intelligent Optimization for Manufacturing Scheduling}},
  year      = {2021},
  issn      = {2096-9929},
  month     = dec,
  number    = {4},
  pages     = {257--270},
  volume    = {1},
  doi       = {10.23919/csms.2021.0027},
  file      = {:pdf/Wang2021.pdf:PDF},
  keywords  = {review},
  printed   = {x},
  publisher = {Institute of Electrical and Electronics Engineers (IEEE)},
}

@Article{Abioye2022,
  author    = {Abioye, E. A. and Hensel, O. and Esau, T. J. and Elijah, O. and Abidin, M. S. Z. and Ayobami, A. Z. and Yerima, O. and Nasirahmadi, A.},
  journal   = {AgriEngineering},
  title     = {{Precision Irrigation Management Using Machine Learning and Digital Farming Solutions}},
  year      = {2022},
  issn      = {2624-7402},
  month     = feb,
  number    = {1},
  pages     = {70--103},
  volume    = {4},
  doi       = {10.3390/agriengineering4010006},
  file      = {:pdf/Abioye2022.pdf:PDF},
  keywords  = {RL, review},
  printed   = {x},
  publisher = {MDPI AG},
}

@Article{Huang2022,
  author    = {Huang, S. and Ontanon, S.},
  journal   = {The International FLAIRS Conference Proceedings},
  title     = {{A Closer Look at Invalid Action Masking in Policy Gradient Algorithms}},
  year      = {2022},
  issn      = {2334-0762},
  month     = may,
  volume    = {35},
  doi       = {10.32473/flairs.v35i.130584},
  file      = {:pdf/Huang2022.pdf:PDF},
  keywords  = {Policy-Learning,Policy-gradient,Action-masking},
  publisher = {University of Florida George A Smathers Libraries},
}

@Article{Steduto2009,
  author    = {Steduto, P. and Hsiao, T. C. and Raes, D. and Fereres, E.},
  journal   = {Agronomy Journal},
  title     = {{AquaCrop--The FAO Crop Model to Simulate Yield Response to Water: I. Concepts and Underlying Principles}},
  year      = {2009},
  issn      = {1435-0645},
  month     = may,
  number    = {3},
  pages     = {426--437},
  volume    = {101},
  doi       = {10.2134/agronj2008.0139s},
  file      = {:pdf/Steduto2009.pdf:PDF},
  keywords  = {Aquacrop},
  printed   = {x},
  publisher = {Wiley},
}

@Article{Rockstroem2010,
  author    = {Rockstr\"om, J. and Karlberg, L. and Wani, S. P. and Barron, J. and Hatibu, N. and Oweis, T. and Bruggeman, A. and Farahani, J.and Qiang, Z.},
  journal   = {Agricultural Water Management},
  title     = {{Managing water in rainfed agriculture--The need for a paradigm shift}},
  year      = {2010},
  issn      = {0378-3774},
  month     = apr,
  number    = {4},
  pages     = {543--550},
  volume    = {97},
  doi       = {10.1016/j.agwat.2009.09.009},
  file      = {:pdf/Rockstroem2010.pdf:PDF},
  printed   = {x},
  publisher = {Elsevier BV},
}

@Article{Doell2002,
  author    = {D\"oll, P.},
  journal   = {Climatic Change},
  title     = {{Impact of Climate Change and Variability on Irrigation Requirements: A Global Perspective}},
  year      = {2002},
  issn      = {1573-1480},
  month     = aug,
  number    = {3},
  pages     = {269--293},
  volume    = {54},
  doi       = {10.1023/A:1016124032231},
  file      = {:pdf/Doell2002.pdf:PDF},
  printed   = {x},
  publisher = {Springer Science and Business Media LLC},
}

@Article{Rosa2020,
  author    = {Rosa, L. and Chiarelli, D. D. and Rulli, M. C. and Dell’Angelo, J. and D’Odorico, P.},
  journal   = {Science Advances},
  title     = {Global agricultural economic water scarcity},
  year      = {2020},
  issn      = {2375-2548},
  month     = may,
  number    = {18},
  volume    = {6},
  doi       = {10.1126/sciadv.aaz6031},
  file      = {:pdf/Rosa2020.pdf:PDF},
  printed   = {x},
  publisher = {American Association for the Advancement of Science (AAAS)},
}

@Article{English1996,
  author    = {English, M. and Raja, S. N.},
  journal   = {Agricultural Water Management},
  title     = {Perspectives on deficit irrigation},
  year      = {1996},
  issn      = {0378-3774},
  month     = nov,
  number    = {1},
  pages     = {1--14},
  volume    = {32},
  doi       = {10.1016/S0378-3774(96)01255-3},
  file      = {:pdf/English1996.pdf:PDF},
  keywords  = {DI},
  printed   = {x},
  publisher = {Elsevier BV},
}

@Article{Schuetze2010,
  author    = {Sch\"utze, N. and Schmitz, G. H.},
  journal   = {Journal of Irrigation and Drainage Engineering},
  title     = {{OCCASION: New Planning Tool for Optimal Climate Change Adaption Strategies in Irrigation}},
  year      = {2010},
  issn      = {1943-4774},
  month     = dec,
  number    = {12},
  pages     = {836--846},
  volume    = {136},
  doi       = {10.1061/(ASCE)IR.1943-4774.0000266},
  file      = {:pdf/Schuetze2010.pdf:PDF},
  keywords  = {DI},
  printed   = {x},
  publisher = {American Society of Civil Engineers (ASCE)},
}

@Article{Zhang1999,
  author    = {Zhang, H.and Oweis, T.},
  journal   = {Agricultural Water Management},
  title     = {{Water--yield relations and optimal irrigation scheduling of wheat in the Mediterranean region}},
  year      = {1999},
  issn      = {0378-3774},
  month     = jan,
  number    = {3},
  pages     = {195--211},
  volume    = {38},
  doi       = {10.1016/S0378-3774(98)00069-9},
  file      = {:pdf/Zhang1999.pdf:PDF},
  keywords  = {DI},
  printed   = {x},
  publisher = {Elsevier BV},
}

@Article{Taghvaeian2020,
  author    = {Taghvaeian, Saleh and Andales, Allan A. and Allen, L. Niel and Kisekka, Isaya and O’Shaughnessy, Susan A. and Porter, Dana O. and Sui, Ruixiu and Irmak, Suat and Fulton, Allan and Aguilar, Jonathan},
  journal   = {Transactions of the ASABE},
  title     = {{Irrigation Scheduling for Agriculture in the United States: The Progress Made and the Path Forward}},
  year      = {2020},
  issn      = {2151-0040},
  number    = {5},
  pages     = {1603--1618},
  volume    = {63},
  doi       = {10.13031/trans.14110},
  file      = {:pdf/Taghvaeian2020.pdf:PDF},
  keywords  = {review},
  publisher = {American Society of Agricultural and Biological Engineers (ASABE)},
}

@Article{Dantas2025,
  author    = {Dantas, R. A. S. and Togneri, R. M. and Prati, R. C.and Kamienski, C. A.},
  journal   = {Biosystems Engineering},
  title     = {{A review of Smart Irrigation}},
  year      = {2025},
  issn      = {1537-5110},
  month     = sep,
  pages     = {104220},
  volume    = {257},
  doi       = {10.1016/j.biosystemseng.2025.104220},
  file      = {:pdf/Dantas2025.pdf:PDF},
  printed   = {x},
  publisher = {Elsevier BV},
}

@Article{Silver2018,
  author    = {Silver, D. and Hubert, T. and Schrittwieser, J. and Antonoglou, I. and Lai, M. and Guez, A. and Lanctot, M. and Sifre, L. and Kumaran, D. and Graepel, T. and Lillicrap, T. and Simonyan, K. and Hassabis, D.},
  journal   = {Science},
  title     = {{A general reinforcement learning algorithm that masters chess, shogi, and Go through self-play}},
  year      = {2018},
  issn      = {1095-9203},
  month     = dec,
  number    = {6419},
  pages     = {1140--1144},
  volume    = {362},
  doi       = {10.1126/science.aar6404},
  file      = {:pdf/Silver2018.pdf:PDF},
  printed   = {x},
  publisher = {American Association for the Advancement of Science (AAAS)},
}

@Book{Kijne2003,
  editor    = {Kijne, J. W. and Barker, R. and Molden, D.},
  publisher = {CABI Publishing},
  title     = {Water productivity in agriculture: limits and opportunities for improvement},
  year      = {2003},
  isbn      = {9781845933395},
  month     = jan,
  doi       = {10.1079/9780851996691.0000},
  file      = {:pdf/Kijne2003.pdf:PDF},
  printed   = {x},
}

@Article{Grove2018,
  author    = {Grov\'e, B.},
  journal   = {Water Resources Management},
  title     = {{Improved Water Allocation under Limited Water Supplies Using Integrated Soil-Moisture Balance Calculations and Nonlinear Programming}},
  year      = {2018},
  issn      = {1573-1650},
  month     = oct,
  number    = {1},
  pages     = {423--437},
  volume    = {33},
  doi       = {10.1007/s11269-018-2110-6},
  file      = {:pdf/Grove2018.pdf:PDF},
  keywords  = {DI,NLP,maize},
  printed   = {x},
  publisher = {Springer Science and Business Media LLC},
}

@Article{Zhou2020,
  author    = {Zhou, T. and Leung, L. R. and Leng, G. and Voisin, N. and Li, H.‐Y. and Craig, A. P. and Tesfa, T. and Mao, Y.},
  journal   = {Journal of Advances in Modeling Earth Systems},
  title     = {{Global Irrigation Characteristics and Effects Simulated by Fully Coupled Land Surface, River, and Water Management Models in E3SM}},
  year      = {2020},
  issn      = {1942-2466},
  month     = oct,
  number    = {10},
  volume    = {12},
  doi       = {10.1029/2020MS002069},
  file      = {:pdf/Zhou2020.pdf:PDF},
  publisher = {American Geophysical Union (AGU)},
}

@PhdThesis{Gorantiwar1995,
  author  = {Gorantiwar, S. D.},
  school  = {Loughborough University},
  title   = {A model for the planning and operation of heterogeneous irrigation schemes in semi-arid regions under rotational water supply},
  year    = {1995},
  file    = {:pdf/Gorantiwar1995.pdf:PDF},
  printed = {x},
}

@Article{Mialyk2024,
  author    = {Mialyk, O. and Schyns, J. F. and Booij, M. J. and Su, H. and Hogeboom, R. J. and Berger, M.},
  journal   = {Scientific Data},
  title     = {{Water footprints and crop water use of 175 individual crops for 1990–2019 simulated with a global crop model}},
  year      = {2024},
  issn      = {2052-4463},
  month     = feb,
  number    = {1},
  volume    = {11},
  doi       = {10.1038/s41597-024-03051-3},
  file      = {:pdf/Mialyk2024.pdf:PDF},
  keywords  = {Aquacrop},
  printed   = {x},
  publisher = {Springer Science and Business Media LLC},
}

@Article{Bras1981,
  author    = {Bras, R. L. and Cordova, J. R.},
  journal   = {Water Resources Research},
  title     = {Intraseasonal water allocation in deficit irrigation},
  year      = {1981},
  issn      = {1944-7973},
  month     = aug,
  number    = {4},
  pages     = {866--874},
  volume    = {17},
  doi       = {10.1029/WR017i004p00866},
  file      = {:pdf/Bras1981.pdf:PDF},
  printed   = {x},
  publisher = {American Geophysical Union (AGU)},
}

@Article{Keating2003,
  author    = {Keating, B. A. and Carberry, P. S. and Hammer, G. L. and Probert, M. E. and Robertson, M. J. and Holzworth, D. and Huth, N. I. and Hargreaves, J. N. G. and Meinke, H. and Hochman, Z. and McLean, G. and Verburg, K. and Snow, V. and Dimes, J. P. and Silburn, M. and Wang, E. and Brown, S. and Bristow, K. L. and Asseng, S. and Chapman, S. and McCown, R. L. and Freebairn, D. M. and Smith, C. J.},
  journal   = {European Journal of Agronomy},
  title     = {{An overview of APSIM, a model designed for farming systems simulation}},
  year      = {2003},
  issn      = {1161-0301},
  month     = jan,
  number    = {3–4},
  pages     = {267--288},
  volume    = {18},
  doi       = {10.1016/S1161-0301(02)00108-9},
  file      = {:pdf/Keating2003.pdf:PDF},
  keywords  = {APSIM},
  printed   = {x},
  publisher = {Elsevier BV},
}

@Article{Jones2003,
  author    = {Jones, J. W. and Hoogenboom, G. and Porter, C. H. and Boote, K. J. and Batchelor, W. D. and Hunt, L. A. and Wilkens, P. W. and Singh, U. and Gijsman, A. J. and Ritchie, J. T.},
  journal   = {European Journal of Agronomy},
  title     = {{The DSSAT cropping system model}},
  year      = {2003},
  issn      = {1161-0301},
  month     = jan,
  number    = {3–4},
  pages     = {235--265},
  volume    = {18},
  doi       = {10.1016/S1161-0301(02)00107-7},
  file      = {:pdf/Jones2003.pdf:PDF},
  keywords  = {DSSAT},
  printed   = {x},
  publisher = {Elsevier BV},
}

@Article{Aabrahamsen2000,
  author    = {Aabrahamsen, P. and Hansen, S.},
  journal   = {Environmental Modelling and Software},
  title     = {Daisy: an open soil-crop-atmosphere system model},
  year      = {2000},
  issn      = {1364-8152},
  month     = mar,
  number    = {3},
  pages     = {313--330},
  volume    = {15},
  doi       = {10.1016/S1364-8152(00)00003-7},
  file      = {:pdf/Aabrahamsen2000.pdf:PDF},
  keywords  = {Daisy},
  publisher = {Elsevier BV},
}

@Article{Khaledian2009,
  author    = {Khaledian, M. R. and Mailhol, J. C. and Ruelle, P. and Rosique, P.},
  journal   = {Agricultural Water Management},
  title     = {{Adapting PILOTE model for water and yield management under direct seeding system: The case of corn and durum wheat in a Mediterranean context}},
  year      = {2009},
  issn      = {0378-3774},
  month     = may,
  number    = {5},
  pages     = {757--770},
  volume    = {96},
  doi       = {10.1016/j.agwat.2008.10.011},
  file      = {:pdf/Khaledian2009.pdf:PDF},
  keywords  = {Pilote},
  publisher = {Elsevier BV},
}

@Article{Raes2009,
  author    = {Raes, D. and Steduto, P. and Hsiao, T. C. and Fereres, E.},
  journal   = {Agronomy Journal},
  title     = {{AquaCrop--The FAO Crop Model to Simulate Yield Response to Water: II. Main Algorithms and Software Description}},
  year      = {2009},
  issn      = {1435-0645},
  month     = may,
  number    = {3},
  pages     = {438--447},
  volume    = {101},
  doi       = {10.2134/agronj2008.0140s},
  file      = {:pdf/Raes2009.pdf:PDF},
  publisher = {Wiley},
}

@Article{Paly2009,
  author    = {de Paly, M. and Zell, A.},
  title     = {{Optimal Irrigation Scheduling with Evolutionary Algorithms}},
  year      = {2009},
  issn      = {1611-3349},
  pages     = {142--151},
  booktitle = {Applications of Evolutionary Computing},
  doi       = {{10.1007/978-3-642-01129-0\_18}},
  file      = {:pdf/Paly2009.pdf:PDF},
  isbn      = {9783642011290},
  printed   = {x},
  publisher = {Springer Berlin Heidelberg},
}

@Article{Dudley1971,
  author    = {Dudley, N. J. and Howell, D. T. and Musgrave, W. F.},
  journal   = {Water Resources Research},
  title     = {{Optimal Intraseasonal Irrigation Water Allocation}},
  year      = {1971},
  issn      = {1944-7973},
  month     = aug,
  number    = {4},
  pages     = {770--788},
  volume    = {7},
  doi       = {10.1029/WR007i004p00770},
  file      = {:pdf/Dudley1971.pdf:PDF},
  printed   = {x},
  publisher = {American Geophysical Union (AGU)},
}

@Article{Hall1968,
  author    = {Hall, W. A. and Butcher, W. S.},
  journal   = {Journal of the Irrigation and Drainage Division},
  title     = {{Optimal Timing of Irrigation}},
  year      = {1968},
  issn      = {2690-3296},
  month     = jun,
  number    = {2},
  pages     = {267--275},
  volume    = {94},
  doi       = {10.1061/JRCEA4.0000569},
  file      = {:pdf/Hall1968.pdf:PDF},
  printed   = {x},
  publisher = {American Society of Civil Engineers (ASCE)},
}

@Article{Schuetze2011a,
  author    = {Schütze, N. and Kloss, S. and Lennartz, F. and Al Bakri, A. and Schmitz, G. H.},
  journal   = {Environmental Earth Sciences},
  title     = {{Optimal planning and operation of irrigation systems under water resource constraints in Oman considering climatic uncertainty}},
  year      = {2011},
  issn      = {1866-6299},
  month     = jul,
  number    = {5},
  pages     = {1511--1521},
  volume    = {65},
  doi       = {10.1007/s12665-011-1135-4},
  file      = {:pdf/Schuetze2011a.pdf:PDF},
  keywords  = {APSIM},
  printed   = {x},
  publisher = {Springer Science and Business Media LLC},
}

@Article{Kloss2011,
  author    = {Kloss, S. and Pushpalatha, R. and Kamoyo, K. J. and Schütze, N.},
  journal   = {Water Resources Management},
  title     = {{Evaluation of Crop Models for Simulating and Optimizing Deficit Irrigation Systems in Arid and Semi-arid Countries Under Climate Variability}},
  year      = {2011},
  issn      = {1573-1650},
  month     = sep,
  number    = {4},
  pages     = {997--1014},
  volume    = {26},
  doi       = {10.1007/s11269-011-9906-y},
  file      = {:pdf/Kloss2011.pdf:PDF},
  keywords  = {APSIM,Pilote,Daisy},
  printed   = {x},
  publisher = {Springer Science and Business Media LLC},
}

@Article{Akram2022,
  author    = {Akram, H. and Levia, D. F. and Herrick, J. E. and Lydiasari, H. and Schütze, N.},
  journal   = {Agricultural Water Management},
  title     = {Water requirements for oil palm grown on marginal lands: A simulation approach},
  year      = {2022},
  issn      = {0378-3774},
  month     = feb,
  pages     = {107292},
  volume    = {260},
  doi       = {10.1016/j.agwat.2021.107292},
  file      = {:pdf/Akram2022.pdf:PDF},
  keywords  = {APSIM},
  printed   = {x},
  publisher = {Elsevier BV},
}

@Article{GadedjissoTossou2020,
  author    = {Gadédjisso-Tossou, A. and Tamara Avellán, T. and Schütze, N.},
  journal   = {Water SA},
  title     = {{Impact of irrigation strategies on maize (Zea mays L.) production in the savannah region of Northern Togo (West Africa)}},
  year      = {2020},
  issn      = {1816-7950},
  month     = jan,
  number    = {1 January},
  volume    = {46},
  doi       = {10.17159/wsa/2020.v46.i1.7894},
  file      = {:pdf/GadedjissoTossou2020.pdf:PDF},
  keywords  = {Aquacrop},
  printed   = {x},
  publisher = {Academy of Science of South Africa},
}

@Article{Seidel2015,
  author    = {{Seidel, S. J. and Schütze, N. and Fahle, M. and Mailhol, J.‐C. and Ruelle, P.}},
  journal   = {Irrigation and Drainage},
  title     = {{Optimal Irrigation Scheduling, Irrigation Control and Drip Line Layout to Increase Water Productivity and Profit in Subsurface Drip‐Irrigated Agriculture}},
  year      = {2015},
  issn      = {1531-0361},
  month     = oct,
  number    = {4},
  pages     = {501--518},
  volume    = {64},
  doi       = {10.1002/ird.1926},
  file      = {:pdf/Seidel2015.pdf:PDF},
  keywords  = {Pilote},
  printed   = {x},
  publisher = {Wiley},
}

@Article{Kloss2014,
  author    = {Kloss, S. and Grundmann, J. and Seidel, S. J. and Werisch, S. and Trümmner, J. and Schmidhalter, U. and Schütze, N.},
  journal   = {Environmental Earth Sciences},
  title     = {{Investigation of deficit irrigation strategies combining SVAT-modeling, optimization and experiments}},
  year      = {2014},
  issn      = {1866-6299},
  month     = jul,
  number    = {12},
  pages     = {4901--4915},
  volume    = {72},
  doi       = {10.1007/s12665-014-3463-7},
  file      = {:pdf/Kloss2014.pdf:PDF},
  keywords  = {Daisy},
  printed   = {x},
  publisher = {Springer Science and Business Media LLC},
}

@Comment{jabref-meta: databaseType:bibtex;}

@Comment{jabref-meta: grouping:
0 AllEntriesGroup:;
1 KeywordGroup:RL\;2\;keywords\;RL\;0\;0\;1\;\;\;\;;
2 KeywordGroup:DRL\;2\;keywords\;DRL\;0\;0\;1\;\;\;\;;
2 KeywordGroup:NDP\;2\;keywords\;NDP\;0\;0\;1\;\;\;\;;
1 StaticGroup:Modeling\;2\;1\;\;\;\;;
2 KeywordGroup:Aquacrop\;2\;keywords\;Aquacrop\;0\;0\;1\;\;\;\;;
2 KeywordGroup:APSIM\;2\;keywords\;APSIM\;0\;0\;1\;\;\;\;;
2 KeywordGroup:DSSAT\;2\;keywords\;DSSAT\;0\;0\;1\;\;\;\;;
2 KeywordGroup:Other\;2\;keywords\;other-model\;0\;0\;1\;\;\;\;;
2 KeywordGroup:Pilote\;2\;keywords\;Pilote\;0\;0\;1\;\;\;\;;
2 KeywordGroup:Daisy\;2\;keywords\;Daisy\;0\;0\;1\;\;\;\;;
1 KeywordGroup:Reviews\;2\;keywords\;review\;0\;0\;1\;0xff00ffff\;\;\;;
1 StaticGroup:Irr-Strategy\;2\;1\;\;\;\;;
2 KeywordGroup:Full\;2\;keywords\;FI\;0\;0\;1\;\;\;\;;
2 KeywordGroup:Deficit\;2\;keywords\;DI\;0\;0\;1\;\;\;\;;
1 StaticGroup:Crop\;2\;1\;\;\;\;;
2 KeywordGroup:maize\;2\;keywords\;maize\;0\;0\;1\;\;\;\;;
2 KeywordGroup:wheat\;2\;keywords\;wheat\;0\;0\;1\;\;\;\;;
2 KeywordGroup:tomato\;2\;keywords\;tomato\;0\;0\;1\;\;\;\;;
2 KeywordGroup:rice\;2\;keywords\;rice\;0\;0\;1\;\;\;\;;
2 KeywordGroup:lettuce\;2\;keywords\;lettuce\;0\;0\;1\;\;\;\;;
2 KeywordGroup:almond\;2\;keywords\;almond\;0\;0\;1\;\;\;\;;
2 KeywordGroup:durian\;2\;keywords\;durian\;0\;0\;1\;\;\;\;;
2 KeywordGroup:cotton\;2\;keywords\;cotton\;0\;0\;1\;\;\;\;;
2 KeywordGroup:soybean\;2\;keywords\;soybean\;0\;0\;1\;\;\;\;;
2 KeywordGroup:sorghum\;2\;keywords\;sorghum\;0\;0\;1\;\;\;\;;
1 StaticGroup:Learning Algo\;2\;1\;\;\;\;;
2 KeywordGroup:TD\;2\;keywords\;TD\;0\;0\;1\;\;\;\;;
2 KeywordGroup:Q\;2\;keywords\;Q-Learning\;0\;0\;1\;\;\;\;;
2 KeywordGroup:Policy\;2\;keywords\;Policy-learning\;0\;0\;1\;\;\;\;;
3 KeywordGroup:Gradient\;2\;keywords\;Policy-Gradient\;0\;0\;1\;\;\;\;;
2 KeywordGroup:AC\;2\;keywords\;Actor-Critic\;0\;0\;1\;\;\;\;;
1 SearchGroup:Not Cited\;0\;Printed!=x\;0\;1\;1\;\;\;\;;
1 StaticGroup:Rewards\;2\;1\;\;\;\;;
2 KeywordGroup:closed\;2\;keywords\;r_t\;0\;0\;1\;\;\;\;;
2 SearchGroup:open\;2\;Keywords!=r_t and Keywords=R\\\\+\;0\;1\;1\;\;\;\;;
}
